%YAML 1.1
%TAG !u! tag:unity3d.com,2011:
--- !u!1 &7523465446212594469
GameObject:
  m_ObjectHideFlags: 0
  m_CorrespondingSourceObject: {fileID: 0}
  m_PrefabInstance: {fileID: 0}
  m_PrefabAsset: {fileID: 0}
  serializedVersion: 6
  m_Component:
  - component: {fileID: 5913014993568378867}
  m_Layer: 0
  m_Name: wall_5x3
  m_TagString: Untagged
  m_Icon: {fileID: 0}
  m_NavMeshLayer: 0
  m_StaticEditorFlags: 0
  m_IsActive: 1
--- !u!4 &5913014993568378867
Transform:
  m_ObjectHideFlags: 0
  m_CorrespondingSourceObject: {fileID: 0}
  m_PrefabInstance: {fileID: 0}
  m_PrefabAsset: {fileID: 0}
  m_GameObject: {fileID: 7523465446212594469}
  m_LocalRotation: {x: 0, y: 0, z: 0, w: 1}
  m_LocalPosition: {x: -30.58, y: -1.3095703, z: 2.296875}
  m_LocalScale: {x: 1, y: 1, z: 1}
  m_Children:
  - {fileID: 2893043561785233642}
  - {fileID: 297254075928374204}
  - {fileID: 2166523457219002473}
  - {fileID: 6477383119790966449}
  - {fileID: 4297562411917894769}
  m_Father: {fileID: 0}
  m_RootOrder: 0
  m_LocalEulerAnglesHint: {x: 0, y: 0, z: 0}
--- !u!1001 &2062364330297994667
PrefabInstance:
  m_ObjectHideFlags: 0
  serializedVersion: 2
  m_Modification:
    m_TransformParent: {fileID: 5913014993568378867}
    m_Modifications:
    - target: {fileID: -4216859302048453862, guid: 4af6f6b4a4e8b2249830e94a44c30ec9,
        type: 3}
      propertyPath: m_LocalPosition.x
      value: -2.4020996
      objectReference: {fileID: 0}
    - target: {fileID: -4216859302048453862, guid: 4af6f6b4a4e8b2249830e94a44c30ec9,
        type: 3}
      propertyPath: m_LocalPosition.y
      value: 0
      objectReference: {fileID: 0}
    - target: {fileID: -4216859302048453862, guid: 4af6f6b4a4e8b2249830e94a44c30ec9,
        type: 3}
      propertyPath: m_LocalPosition.z
      value: 0
      objectReference: {fileID: 0}
    - target: {fileID: -4216859302048453862, guid: 4af6f6b4a4e8b2249830e94a44c30ec9,
        type: 3}
      propertyPath: m_LocalRotation.x
      value: -0
      objectReference: {fileID: 0}
    - target: {fileID: -4216859302048453862, guid: 4af6f6b4a4e8b2249830e94a44c30ec9,
        type: 3}
      propertyPath: m_LocalRotation.y
      value: -0.7071068
      objectReference: {fileID: 0}
    - target: {fileID: -4216859302048453862, guid: 4af6f6b4a4e8b2249830e94a44c30ec9,
        type: 3}
      propertyPath: m_LocalRotation.z
      value: -0.7071068
      objectReference: {fileID: 0}
    - target: {fileID: -4216859302048453862, guid: 4af6f6b4a4e8b2249830e94a44c30ec9,
        type: 3}
      propertyPath: m_LocalRotation.w
      value: 0
      objectReference: {fileID: 0}
    - target: {fileID: -4216859302048453862, guid: 4af6f6b4a4e8b2249830e94a44c30ec9,
        type: 3}
      propertyPath: m_RootOrder
      value: 3
      objectReference: {fileID: 0}
    - target: {fileID: -4216859302048453862, guid: 4af6f6b4a4e8b2249830e94a44c30ec9,
        type: 3}
      propertyPath: m_LocalEulerAnglesHint.x
      value: -90.00001
      objectReference: {fileID: 0}
    - target: {fileID: -4216859302048453862, guid: 4af6f6b4a4e8b2249830e94a44c30ec9,
        type: 3}
      propertyPath: m_LocalEulerAnglesHint.y
      value: 0
      objectReference: {fileID: 0}
    - target: {fileID: -4216859302048453862, guid: 4af6f6b4a4e8b2249830e94a44c30ec9,
        type: 3}
      propertyPath: m_LocalEulerAnglesHint.z
      value: -180
      objectReference: {fileID: 0}
    - target: {fileID: -927199367670048503, guid: 4af6f6b4a4e8b2249830e94a44c30ec9,
        type: 3}
      propertyPath: m_Name
      value: wall_module_04
      objectReference: {fileID: 0}
    m_RemovedComponents: []
  m_SourcePrefab: {fileID: 100100000, guid: 4af6f6b4a4e8b2249830e94a44c30ec9, type: 3}
--- !u!4 &6477383119790966449 stripped
Transform:
  m_CorrespondingSourceObject: {fileID: -4216859302048453862, guid: 4af6f6b4a4e8b2249830e94a44c30ec9,
    type: 3}
  m_PrefabInstance: {fileID: 2062364330297994667}
  m_PrefabAsset: {fileID: 0}
--- !u!1001 &4709282859480170662
PrefabInstance:
  m_ObjectHideFlags: 0
  serializedVersion: 2
  m_Modification:
    m_TransformParent: {fileID: 5913014993568378867}
    m_Modifications:
    - target: {fileID: -4216859302048453862, guid: 01d14626abeaf874d9190a8bfb697b61,
        type: 3}
      propertyPath: m_LocalPosition.x
      value: 0.5979004
      objectReference: {fileID: 0}
    - target: {fileID: -4216859302048453862, guid: 01d14626abeaf874d9190a8bfb697b61,
        type: 3}
      propertyPath: m_LocalPosition.y
      value: 0
      objectReference: {fileID: 0}
    - target: {fileID: -4216859302048453862, guid: 01d14626abeaf874d9190a8bfb697b61,
        type: 3}
      propertyPath: m_LocalPosition.z
      value: 0
      objectReference: {fileID: 0}
    - target: {fileID: -4216859302048453862, guid: 01d14626abeaf874d9190a8bfb697b61,
        type: 3}
      propertyPath: m_LocalRotation.x
      value: -0
      objectReference: {fileID: 0}
    - target: {fileID: -4216859302048453862, guid: 01d14626abeaf874d9190a8bfb697b61,
        type: 3}
      propertyPath: m_LocalRotation.y
      value: -0.7071068
      objectReference: {fileID: 0}
    - target: {fileID: -4216859302048453862, guid: 01d14626abeaf874d9190a8bfb697b61,
        type: 3}
      propertyPath: m_LocalRotation.z
      value: -0.7071068
      objectReference: {fileID: 0}
    - target: {fileID: -4216859302048453862, guid: 01d14626abeaf874d9190a8bfb697b61,
        type: 3}
      propertyPath: m_LocalRotation.w
      value: 0
      objectReference: {fileID: 0}
    - target: {fileID: -4216859302048453862, guid: 01d14626abeaf874d9190a8bfb697b61,
        type: 3}
      propertyPath: m_RootOrder
      value: 1
      objectReference: {fileID: 0}
    - target: {fileID: -4216859302048453862, guid: 01d14626abeaf874d9190a8bfb697b61,
        type: 3}
      propertyPath: m_LocalEulerAnglesHint.x
      value: -90.00001
      objectReference: {fileID: 0}
    - target: {fileID: -4216859302048453862, guid: 01d14626abeaf874d9190a8bfb697b61,
        type: 3}
      propertyPath: m_LocalEulerAnglesHint.y
      value: 0
      objectReference: {fileID: 0}
    - target: {fileID: -4216859302048453862, guid: 01d14626abeaf874d9190a8bfb697b61,
        type: 3}
      propertyPath: m_LocalEulerAnglesHint.z
      value: -180
      objectReference: {fileID: 0}
    - target: {fileID: -927199367670048503, guid: 01d14626abeaf874d9190a8bfb697b61,
        type: 3}
      propertyPath: m_Name
      value: wall_module_02
      objectReference: {fileID: 0}
    m_RemovedComponents: []
  m_SourcePrefab: {fileID: 100100000, guid: 01d14626abeaf874d9190a8bfb697b61, type: 3}
--- !u!4 &297254075928374204 stripped
Transform:
  m_CorrespondingSourceObject: {fileID: -4216859302048453862, guid: 01d14626abeaf874d9190a8bfb697b61,
    type: 3}
  m_PrefabInstance: {fileID: 4709282859480170662}
  m_PrefabAsset: {fileID: 0}
--- !u!1001 &6587567055020403571
PrefabInstance:
  m_ObjectHideFlags: 0
  serializedVersion: 2
  m_Modification:
    m_TransformParent: {fileID: 5913014993568378867}
    m_Modifications:
    - target: {fileID: -4216859302048453862, guid: edd9a7ca7a71a4e41a7efe9ebc98df40,
        type: 3}
      propertyPath: m_LocalPosition.x
      value: 6.5979004
      objectReference: {fileID: 0}
    - target: {fileID: -4216859302048453862, guid: edd9a7ca7a71a4e41a7efe9ebc98df40,
        type: 3}
      propertyPath: m_LocalPosition.y
      value: 0
      objectReference: {fileID: 0}
    - target: {fileID: -4216859302048453862, guid: edd9a7ca7a71a4e41a7efe9ebc98df40,
        type: 3}
      propertyPath: m_LocalPosition.z
      value: 0
      objectReference: {fileID: 0}
    - target: {fileID: -4216859302048453862, guid: edd9a7ca7a71a4e41a7efe9ebc98df40,
        type: 3}
      propertyPath: m_LocalRotation.x
      value: -0.7071068
      objectReference: {fileID: 0}
    - target: {fileID: -4216859302048453862, guid: edd9a7ca7a71a4e41a7efe9ebc98df40,
        type: 3}
      propertyPath: m_LocalRotation.y
      value: -0
      objectReference: {fileID: 0}
    - target: {fileID: -4216859302048453862, guid: edd9a7ca7a71a4e41a7efe9ebc98df40,
        type: 3}
      propertyPath: m_LocalRotation.z
      value: -0
      objectReference: {fileID: 0}
    - target: {fileID: -4216859302048453862, guid: edd9a7ca7a71a4e41a7efe9ebc98df40,
        type: 3}
      propertyPath: m_LocalRotation.w
      value: 0.7071068
      objectReference: {fileID: 0}
    - target: {fileID: -4216859302048453862, guid: edd9a7ca7a71a4e41a7efe9ebc98df40,
        type: 3}
      propertyPath: m_RootOrder
      value: 2
      objectReference: {fileID: 0}
    - target: {fileID: -4216859302048453862, guid: edd9a7ca7a71a4e41a7efe9ebc98df40,
        type: 3}
      propertyPath: m_LocalEulerAnglesHint.x
      value: 0
      objectReference: {fileID: 0}
    - target: {fileID: -4216859302048453862, guid: edd9a7ca7a71a4e41a7efe9ebc98df40,
        type: 3}
      propertyPath: m_LocalEulerAnglesHint.y
      value: 0
      objectReference: {fileID: 0}
    - target: {fileID: -4216859302048453862, guid: edd9a7ca7a71a4e41a7efe9ebc98df40,
        type: 3}
      propertyPath: m_LocalEulerAnglesHint.z
      value: 0
      objectReference: {fileID: 0}
    - target: {fileID: -927199367670048503, guid: edd9a7ca7a71a4e41a7efe9ebc98df40,
        type: 3}
      propertyPath: m_Name
      value: wall_module_01
      objectReference: {fileID: 0}
    m_RemovedComponents: []
  m_SourcePrefab: {fileID: 100100000, guid: edd9a7ca7a71a4e41a7efe9ebc98df40, type: 3}
--- !u!4 &2166523457219002473 stripped
Transform:
  m_CorrespondingSourceObject: {fileID: -4216859302048453862, guid: edd9a7ca7a71a4e41a7efe9ebc98df40,
    type: 3}
  m_PrefabInstance: {fileID: 6587567055020403571}
  m_PrefabAsset: {fileID: 0}
--- !u!1001 &7880335093823781872
PrefabInstance:
  m_ObjectHideFlags: 0
  serializedVersion: 2
  m_Modification:
    m_TransformParent: {fileID: 5913014993568378867}
    m_Modifications:
    - target: {fileID: -4216859302048453862, guid: edd9a7ca7a71a4e41a7efe9ebc98df40,
        type: 3}
      propertyPath: m_LocalPosition.x
      value: -5.4020996
      objectReference: {fileID: 0}
    - target: {fileID: -4216859302048453862, guid: edd9a7ca7a71a4e41a7efe9ebc98df40,
        type: 3}
      propertyPath: m_LocalPosition.y
      value: 0
      objectReference: {fileID: 0}
    - target: {fileID: -4216859302048453862, guid: edd9a7ca7a71a4e41a7efe9ebc98df40,
        type: 3}
      propertyPath: m_LocalPosition.z
      value: 0
      objectReference: {fileID: 0}
    - target: {fileID: -4216859302048453862, guid: edd9a7ca7a71a4e41a7efe9ebc98df40,
        type: 3}
      propertyPath: m_LocalRotation.x
      value: -0
      objectReference: {fileID: 0}
    - target: {fileID: -4216859302048453862, guid: edd9a7ca7a71a4e41a7efe9ebc98df40,
        type: 3}
      propertyPath: m_LocalRotation.y
      value: -0.7071068
      objectReference: {fileID: 0}
    - target: {fileID: -4216859302048453862, guid: edd9a7ca7a71a4e41a7efe9ebc98df40,
        type: 3}
      propertyPath: m_LocalRotation.z
      value: -0.7071068
      objectReference: {fileID: 0}
    - target: {fileID: -4216859302048453862, guid: edd9a7ca7a71a4e41a7efe9ebc98df40,
        type: 3}
      propertyPath: m_LocalRotation.w
      value: 0
      objectReference: {fileID: 0}
    - target: {fileID: -4216859302048453862, guid: edd9a7ca7a71a4e41a7efe9ebc98df40,
        type: 3}
      propertyPath: m_RootOrder
      value: 0
      objectReference: {fileID: 0}
    - target: {fileID: -4216859302048453862, guid: edd9a7ca7a71a4e41a7efe9ebc98df40,
        type: 3}
      propertyPath: m_LocalEulerAnglesHint.x
      value: -90.00001
      objectReference: {fileID: 0}
    - target: {fileID: -4216859302048453862, guid: edd9a7ca7a71a4e41a7efe9ebc98df40,
        type: 3}
      propertyPath: m_LocalEulerAnglesHint.y
      value: 0
      objectReference: {fileID: 0}
    - target: {fileID: -4216859302048453862, guid: edd9a7ca7a71a4e41a7efe9ebc98df40,
        type: 3}
      propertyPath: m_LocalEulerAnglesHint.z
      value: -180
      objectReference: {fileID: 0}
    - target: {fileID: -927199367670048503, guid: edd9a7ca7a71a4e41a7efe9ebc98df40,
        type: 3}
      propertyPath: m_Name
      value: wall_module_01 (1)
      objectReference: {fileID: 0}
    m_RemovedComponents: []
  m_SourcePrefab: {fileID: 100100000, guid: edd9a7ca7a71a4e41a7efe9ebc98df40, type: 3}
--- !u!4 &2893043561785233642 stripped
Transform:
  m_CorrespondingSourceObject: {fileID: -4216859302048453862, guid: edd9a7ca7a71a4e41a7efe9ebc98df40,
    type: 3}
  m_PrefabInstance: {fileID: 7880335093823781872}
  m_PrefabAsset: {fileID: 0}
--- !u!1001 &9141945435583565675
PrefabInstance:
  m_ObjectHideFlags: 0
  serializedVersion: 2
  m_Modification:
    m_TransformParent: {fileID: 5913014993568378867}
    m_Modifications:
    - target: {fileID: -4216859302048453862, guid: acfbf45adb8b0474f888845c6a438d29,
        type: 3}
      propertyPath: m_LocalPosition.x
      value: 3.5979004
      objectReference: {fileID: 0}
    - target: {fileID: -4216859302048453862, guid: acfbf45adb8b0474f888845c6a438d29,
        type: 3}
      propertyPath: m_LocalPosition.y
      value: 0
      objectReference: {fileID: 0}
    - target: {fileID: -4216859302048453862, guid: acfbf45adb8b0474f888845c6a438d29,
        type: 3}
      propertyPath: m_LocalPosition.z
      value: 0
      objectReference: {fileID: 0}
    - target: {fileID: -4216859302048453862, guid: acfbf45adb8b0474f888845c6a438d29,
        type: 3}
      propertyPath: m_LocalRotation.x
      value: -0.7071068
      objectReference: {fileID: 0}
    - target: {fileID: -4216859302048453862, guid: acfbf45adb8b0474f888845c6a438d29,
        type: 3}
      propertyPath: m_LocalRotation.y
      value: -0
      objectReference: {fileID: 0}
    - target: {fileID: -4216859302048453862, guid: acfbf45adb8b0474f888845c6a438d29,
        type: 3}
      propertyPath: m_LocalRotation.z
      value: -0
      objectReference: {fileID: 0}
    - target: {fileID: -4216859302048453862, guid: acfbf45adb8b0474f888845c6a438d29,
        type: 3}
      propertyPath: m_LocalRotation.w
      value: 0.7071068
      objectReference: {fileID: 0}
    - target: {fileID: -4216859302048453862, guid: acfbf45adb8b0474f888845c6a438d29,
        type: 3}
      propertyPath: m_RootOrder
      value: 4
      objectReference: {fileID: 0}
    - target: {fileID: -4216859302048453862, guid: acfbf45adb8b0474f888845c6a438d29,
        type: 3}
      propertyPath: m_LocalEulerAnglesHint.x
      value: 0
      objectReference: {fileID: 0}
    - target: {fileID: -4216859302048453862, guid: acfbf45adb8b0474f888845c6a438d29,
        type: 3}
      propertyPath: m_LocalEulerAnglesHint.y
      value: 0
      objectReference: {fileID: 0}
    - target: {fileID: -4216859302048453862, guid: acfbf45adb8b0474f888845c6a438d29,
        type: 3}
      propertyPath: m_LocalEulerAnglesHint.z
      value: 0
      objectReference: {fileID: 0}
    - target: {fileID: -927199367670048503, guid: acfbf45adb8b0474f888845c6a438d29,
        type: 3}
      propertyPath: m_Name
      value: wall_module_03
      objectReference: {fileID: 0}
    m_RemovedComponents: []
  m_SourcePrefab: {fileID: 100100000, guid: acfbf45adb8b0474f888845c6a438d29, type: 3}
--- !u!4 &4297562411917894769 stripped
Transform:
  m_CorrespondingSourceObject: {fileID: -4216859302048453862, guid: acfbf45adb8b0474f888845c6a438d29,
    type: 3}
  m_PrefabInstance: {fileID: 9141945435583565675}
  m_PrefabAsset: {fileID: 0}
