%YAML 1.1
%TAG !u! tag:unity3d.com,2011:
--- !u!1 &7112349696694267779
GameObject:
  m_ObjectHideFlags: 0
  m_CorrespondingSourceObject: {fileID: 0}
  m_PrefabInstance: {fileID: 0}
  m_PrefabAsset: {fileID: 0}
  serializedVersion: 6
  m_Component:
  - component: {fileID: 4666908649327879774}
  m_Layer: 0
  m_Name: wall_3x3
  m_TagString: Untagged
  m_Icon: {fileID: 0}
  m_NavMeshLayer: 0
  m_StaticEditorFlags: 0
  m_IsActive: 1
--- !u!4 &4666908649327879774
Transform:
  m_ObjectHideFlags: 0
  m_CorrespondingSourceObject: {fileID: 0}
  m_PrefabInstance: {fileID: 0}
  m_PrefabAsset: {fileID: 0}
  m_GameObject: {fileID: 7112349696694267779}
  m_LocalRotation: {x: -0, y: -0, z: -0, w: 1}
  m_LocalPosition: {x: 0, y: 1, z: 0}
  m_LocalScale: {x: 1, y: 1, z: 1}
  m_Children:
  - {fileID: 8820654663621970492}
  - {fileID: 5960843070838773319}
  - {fileID: 239486624413176310}
  m_Father: {fileID: 0}
  m_RootOrder: 0
  m_LocalEulerAnglesHint: {x: 0, y: 0, z: 0}
--- !u!1001 &1712388198323731805
PrefabInstance:
  m_ObjectHideFlags: 0
  serializedVersion: 2
  m_Modification:
    m_TransformParent: {fileID: 4666908649327879774}
    m_Modifications:
    - target: {fileID: -4216859302048453862, guid: 01d14626abeaf874d9190a8bfb697b61,
        type: 3}
      propertyPath: m_LocalPosition.x
      value: 0.22999954
      objectReference: {fileID: 0}
    - target: {fileID: -4216859302048453862, guid: 01d14626abeaf874d9190a8bfb697b61,
        type: 3}
      propertyPath: m_LocalPosition.y
      value: 0
      objectReference: {fileID: 0}
    - target: {fileID: -4216859302048453862, guid: 01d14626abeaf874d9190a8bfb697b61,
        type: 3}
      propertyPath: m_LocalPosition.z
      value: 0
      objectReference: {fileID: 0}
    - target: {fileID: -4216859302048453862, guid: 01d14626abeaf874d9190a8bfb697b61,
        type: 3}
      propertyPath: m_LocalRotation.x
      value: -0.7071068
      objectReference: {fileID: 0}
    - target: {fileID: -4216859302048453862, guid: 01d14626abeaf874d9190a8bfb697b61,
        type: 3}
      propertyPath: m_LocalRotation.y
      value: -0
      objectReference: {fileID: 0}
    - target: {fileID: -4216859302048453862, guid: 01d14626abeaf874d9190a8bfb697b61,
        type: 3}
      propertyPath: m_LocalRotation.z
      value: -0
      objectReference: {fileID: 0}
    - target: {fileID: -4216859302048453862, guid: 01d14626abeaf874d9190a8bfb697b61,
        type: 3}
      propertyPath: m_LocalRotation.w
      value: 0.7071068
      objectReference: {fileID: 0}
    - target: {fileID: -4216859302048453862, guid: 01d14626abeaf874d9190a8bfb697b61,
        type: 3}
      propertyPath: m_RootOrder
      value: 1
      objectReference: {fileID: 0}
    - target: {fileID: -4216859302048453862, guid: 01d14626abeaf874d9190a8bfb697b61,
        type: 3}
      propertyPath: m_LocalEulerAnglesHint.x
      value: 0
      objectReference: {fileID: 0}
    - target: {fileID: -4216859302048453862, guid: 01d14626abeaf874d9190a8bfb697b61,
        type: 3}
      propertyPath: m_LocalEulerAnglesHint.y
      value: 0
      objectReference: {fileID: 0}
    - target: {fileID: -4216859302048453862, guid: 01d14626abeaf874d9190a8bfb697b61,
        type: 3}
      propertyPath: m_LocalEulerAnglesHint.z
      value: 0
      objectReference: {fileID: 0}
    - target: {fileID: -927199367670048503, guid: 01d14626abeaf874d9190a8bfb697b61,
        type: 3}
      propertyPath: m_Name
      value: wall_module_02
      objectReference: {fileID: 0}
    m_RemovedComponents: []
  m_SourcePrefab: {fileID: 100100000, guid: 01d14626abeaf874d9190a8bfb697b61, type: 3}
--- !u!4 &5960843070838773319 stripped
Transform:
  m_CorrespondingSourceObject: {fileID: -4216859302048453862, guid: 01d14626abeaf874d9190a8bfb697b61,
    type: 3}
  m_PrefabInstance: {fileID: 1712388198323731805}
  m_PrefabAsset: {fileID: 0}
--- !u!1001 &4545247342299521318
PrefabInstance:
  m_ObjectHideFlags: 0
  serializedVersion: 2
  m_Modification:
    m_TransformParent: {fileID: 4666908649327879774}
    m_Modifications:
    - target: {fileID: -4216859302048453862, guid: acfbf45adb8b0474f888845c6a438d29,
        type: 3}
      propertyPath: m_LocalPosition.x
      value: 6.2299995
      objectReference: {fileID: 0}
    - target: {fileID: -4216859302048453862, guid: acfbf45adb8b0474f888845c6a438d29,
        type: 3}
      propertyPath: m_LocalPosition.y
      value: 0
      objectReference: {fileID: 0}
    - target: {fileID: -4216859302048453862, guid: acfbf45adb8b0474f888845c6a438d29,
        type: 3}
      propertyPath: m_LocalPosition.z
      value: 0
      objectReference: {fileID: 0}
    - target: {fileID: -4216859302048453862, guid: acfbf45adb8b0474f888845c6a438d29,
        type: 3}
      propertyPath: m_LocalRotation.x
      value: -0.7071068
      objectReference: {fileID: 0}
    - target: {fileID: -4216859302048453862, guid: acfbf45adb8b0474f888845c6a438d29,
        type: 3}
      propertyPath: m_LocalRotation.y
      value: -0
      objectReference: {fileID: 0}
    - target: {fileID: -4216859302048453862, guid: acfbf45adb8b0474f888845c6a438d29,
        type: 3}
      propertyPath: m_LocalRotation.z
      value: -0
      objectReference: {fileID: 0}
    - target: {fileID: -4216859302048453862, guid: acfbf45adb8b0474f888845c6a438d29,
        type: 3}
      propertyPath: m_LocalRotation.w
      value: 0.7071068
      objectReference: {fileID: 0}
    - target: {fileID: -4216859302048453862, guid: acfbf45adb8b0474f888845c6a438d29,
        type: 3}
      propertyPath: m_RootOrder
      value: 0
      objectReference: {fileID: 0}
    - target: {fileID: -4216859302048453862, guid: acfbf45adb8b0474f888845c6a438d29,
        type: 3}
      propertyPath: m_LocalEulerAnglesHint.x
      value: 0
      objectReference: {fileID: 0}
    - target: {fileID: -4216859302048453862, guid: acfbf45adb8b0474f888845c6a438d29,
        type: 3}
      propertyPath: m_LocalEulerAnglesHint.y
      value: 0
      objectReference: {fileID: 0}
    - target: {fileID: -4216859302048453862, guid: acfbf45adb8b0474f888845c6a438d29,
        type: 3}
      propertyPath: m_LocalEulerAnglesHint.z
      value: 0
      objectReference: {fileID: 0}
    - target: {fileID: -927199367670048503, guid: acfbf45adb8b0474f888845c6a438d29,
        type: 3}
      propertyPath: m_Name
      value: wall_module_03
      objectReference: {fileID: 0}
    m_RemovedComponents: []
  m_SourcePrefab: {fileID: 100100000, guid: acfbf45adb8b0474f888845c6a438d29, type: 3}
--- !u!4 &8820654663621970492 stripped
Transform:
  m_CorrespondingSourceObject: {fileID: -4216859302048453862, guid: acfbf45adb8b0474f888845c6a438d29,
    type: 3}
  m_PrefabInstance: {fileID: 4545247342299521318}
  m_PrefabAsset: {fileID: 0}
--- !u!1001 &5055403962031897324
PrefabInstance:
  m_ObjectHideFlags: 0
  serializedVersion: 2
  m_Modification:
    m_TransformParent: {fileID: 4666908649327879774}
    m_Modifications:
    - target: {fileID: -4216859302048453862, guid: edd9a7ca7a71a4e41a7efe9ebc98df40,
        type: 3}
      propertyPath: m_LocalPosition.x
      value: 3.2299995
      objectReference: {fileID: 0}
    - target: {fileID: -4216859302048453862, guid: edd9a7ca7a71a4e41a7efe9ebc98df40,
        type: 3}
      propertyPath: m_LocalPosition.y
      value: 0
      objectReference: {fileID: 0}
    - target: {fileID: -4216859302048453862, guid: edd9a7ca7a71a4e41a7efe9ebc98df40,
        type: 3}
      propertyPath: m_LocalPosition.z
      value: 0
      objectReference: {fileID: 0}
    - target: {fileID: -4216859302048453862, guid: edd9a7ca7a71a4e41a7efe9ebc98df40,
        type: 3}
      propertyPath: m_LocalRotation.x
      value: -0.7071068
      objectReference: {fileID: 0}
    - target: {fileID: -4216859302048453862, guid: edd9a7ca7a71a4e41a7efe9ebc98df40,
        type: 3}
      propertyPath: m_LocalRotation.y
      value: -0
      objectReference: {fileID: 0}
    - target: {fileID: -4216859302048453862, guid: edd9a7ca7a71a4e41a7efe9ebc98df40,
        type: 3}
      propertyPath: m_LocalRotation.z
      value: -0
      objectReference: {fileID: 0}
    - target: {fileID: -4216859302048453862, guid: edd9a7ca7a71a4e41a7efe9ebc98df40,
        type: 3}
      propertyPath: m_LocalRotation.w
      value: 0.7071068
      objectReference: {fileID: 0}
    - target: {fileID: -4216859302048453862, guid: edd9a7ca7a71a4e41a7efe9ebc98df40,
        type: 3}
      propertyPath: m_RootOrder
      value: 2
      objectReference: {fileID: 0}
    - target: {fileID: -4216859302048453862, guid: edd9a7ca7a71a4e41a7efe9ebc98df40,
        type: 3}
      propertyPath: m_LocalEulerAnglesHint.x
      value: 0
      objectReference: {fileID: 0}
    - target: {fileID: -4216859302048453862, guid: edd9a7ca7a71a4e41a7efe9ebc98df40,
        type: 3}
      propertyPath: m_LocalEulerAnglesHint.y
      value: 0
      objectReference: {fileID: 0}
    - target: {fileID: -4216859302048453862, guid: edd9a7ca7a71a4e41a7efe9ebc98df40,
        type: 3}
      propertyPath: m_LocalEulerAnglesHint.z
      value: 0
      objectReference: {fileID: 0}
    - target: {fileID: -927199367670048503, guid: edd9a7ca7a71a4e41a7efe9ebc98df40,
        type: 3}
      propertyPath: m_Name
      value: wall_module_01
      objectReference: {fileID: 0}
    m_RemovedComponents: []
  m_SourcePrefab: {fileID: 100100000, guid: edd9a7ca7a71a4e41a7efe9ebc98df40, type: 3}
--- !u!4 &239486624413176310 stripped
Transform:
  m_CorrespondingSourceObject: {fileID: -4216859302048453862, guid: edd9a7ca7a71a4e41a7efe9ebc98df40,
    type: 3}
  m_PrefabInstance: {fileID: 5055403962031897324}
  m_PrefabAsset: {fileID: 0}
